@book{Hitchcook1935,
	address = {New York},
	type = {Report of Special Research Committee on Roll Neck Bearings},
	title = {Roll neck bearings},
	institution = {ASME},
	author = {Hitchcook, J. H. and Trinks, W.},
	year = {1935}, pages = {51},
	language = {en}
}

@article{BohmFlaxa1981,
	title = {Vereinfachte Methode zur Berechnung der Walzkraft unter Beachtung der Walzenabplattung},
	volume = {25}, number = {3},
	journal = {Wissenschaftliche Zeitschrift der Technischen Hochschule Otto von Guericke},
	author = {Bohm, J. and Flaxa, V.},
	year = {1981},
	pages = {121–124}
}
@article{FlaxaHinkfothBohm1979,
	title = {Berücksichtigung der Walzenabplattung beim Kaltwalzen von dünnen Bändern},
	volume = {24},
	number = {9},
	journal = {Neue Hütte},
	author = {Flaxa, V. and Hinkfoth, R. and Bohm, J.},
	year = {1979},
	pages = {328–331}
}
